-- zoek papertitel op via google scholar, klik op Cite, exporteer naar bibtex en copy-paste output hier 
-- eerste parameter is sleutelwoord om later naar paper te verwijzen via \cite{sleutelwoord}, vrij te kiezen
 
@article{ginneken,
  title={Comparing and combining algorithms for computer-aided detection of pulmonary nodules in computed tomography scans: the ANODE09 study},
  author={van Ginneken, Bram and Armato III, Samuel G and de Hoop, Bartjan and van Amelsvoort-van de Vorst, Saskia and Duindam, Thomas and Niemeijer, Meindert and Murphy, Keelin and Schilham, Arnold and Retico, Alessandra and Fantacci, Maria Evelina and others},
  journal={Medical image analysis},
  volume={14},
  number={6},
  pages={707--722},
  year={2010},
  publisher={Elsevier}
}

